@inproceedings{ template,
    author = "Nicholas Freitag McPhee and Riccardo Poli",
    title = "A schema theory analysis of the evolution of size in genetic programming with linear representations",
    booktitle = "Genetic Programming, Proceedings of EuroGP'2001",
    volume = "2038",
    month = "18-20",
    publisher = "Springer-Verlag",
    address = "Lake Como, Italy",
    editor = "Julian F. Miller and Marco Tomassini and Pier Luca Lanzi and Conor Ryan and Andrea G. B. Tettamanzi and William B. Langdon",
    isbn = "3-540-41899-7",
    pages = "108--125",
    year = "2001",
    url = "citeseer.nj.nec.com/mcphee01schema.html" }